@Article{assim,
  author = {Philip Nadler and Shuo Wang and Xian Yang and Yike Guo},
  title = {An epidemiological modelling approach for COVID-19 via data assimilation},
  year = {2020},
  volume = {35},
  number = {8},
  pages = {749-761},
  journal = {European Journal of Epidemiology},
  doi = {10.1007/s10654-020-00676-7}
}

@Article{kermack,
  author = {W.O. Kermack and A.G. McKendrick},
  title = {A contribution to the mathematical theory of epidemics},
  year = {1927},
  volume = {115},
  number = {772},
  pages = {700-721},
  journal = {Proceedings of the Royal Society A},
  doi = {10.1098/rspa.1927.00118}
}

@misc{imai,
  author = {N. Imai and I. Dorigatti and A. Cori and S. Riley and N. Ferguson},
  title = {Estimating the potential total number of novel coronavirus cases
  in wuhan city, china},
  year = {2020},
  howpublished = {\url{https://www.preventionweb.net/news/view/70092}},
  note = {Accessed: 2020-12-03}}
}

@Article{li,
  author = {Q. Li and X. Guan and P. Wu and X. Wang and L Zhou and Y Tong et al.},
  title = {Early transmission dynamics in wuhan, china, of novel coronavirus-infected pneumonia},
  journal = {New England Journal of Medicine},
  year = {2020},
  volume = {382},
  number = {13},
  pages = {1199-1207},
  doi = {10.1056/NEJMoa2001316}
}@Manual{R-base,
  title = {R: A Language and Environment for Statistical Computing},
  author = {{R Core Team}},
  organization = {R Foundation for Statistical Computing},
  address = {Vienna, Austria},
  year = {2020},
  url = {https://www.R-project.org/},
}
@Manual{R-papaja,
  author = {Frederik Aust and Marius Barth},
  title = {{papaja}: {Create} {APA} manuscripts with {R Markdown}},
  year = {2020},
  note = {R package version 0.1.0.9997},
  url = {https://github.com/crsh/papaja},
}
